<record><leader>00000cas a2200000 a 4500</leader><controlfield tag="001">37448699</controlfield><controlfield tag="008">970811d19061966oruwr ne      0    0eng c</controlfield><datafield ind1=" " ind2=" " tag="010"><subfield code="a">sn 96088023 </subfield></datafield><datafield ind1=" " ind2=" " tag="040"><subfield code="a">OCN</subfield><subfield code="b">eng</subfield><subfield code="c">OCN</subfield><subfield code="d">OCLCQ</subfield><subfield code="d">OCLCF</subfield><subfield code="d">OCLCO</subfield></datafield><datafield ind1="1" ind2=" " tag="029"><subfield code="a">AU@</subfield><subfield code="b">000013433358</subfield></datafield><datafield ind1=" " ind2=" " tag="042"><subfield code="a">pcc</subfield></datafield><datafield ind1=" " ind2=" " tag="043"><subfield code="a">n-us-or</subfield></datafield><datafield ind1="0" ind2="4" tag="245"><subfield code="a">The Dalles optimist.</subfield></datafield><datafield ind1=" " ind2=" " tag="260"><subfield code="a">The Dalles, Or. :</subfield><subfield code="b">Bennett &amp; Davenport,</subfield><subfield code="c">1906-1966.</subfield></datafield><datafield ind1=" " ind2=" " tag="300"><subfield code="a">v.</subfield></datafield><datafield ind1=" " ind2=" " tag="310"><subfield code="a">Weekly</subfield></datafield><datafield ind1="0" ind2=" " tag="362"><subfield code="a">Vol. 1, no. 1 (June 19, 1906)-v. 41, no. 10 (Mar. 10, 1966).</subfield></datafield><datafield ind1=" " ind2=" " tag="500"><subfield code="a">Some irregularities in numbering.</subfield></datafield><datafield ind1=" " ind2="0" tag="651"><subfield code="a">Dalles (Or.)</subfield><subfield code="v">Newspapers.</subfield></datafield><datafield ind1=" " ind2="0" tag="651"><subfield code="a">Wasco County (Or.)</subfield><subfield code="v">Newspapers.</subfield></datafield><datafield ind1=" " ind2="7" tag="655"><subfield code="a">Newspapers.</subfield><subfield code="2">fast</subfield><subfield code="0">(OCoLC)fst01423814</subfield></datafield><datafield ind1=" " ind2="7" tag="651"><subfield code="a">Oregon</subfield><subfield code="z">Dalles.</subfield><subfield code="2">fast</subfield><subfield code="0">(OCoLC)fst01218827</subfield></datafield><datafield ind1=" " ind2="7" tag="651"><subfield code="a">Oregon</subfield><subfield code="z">Wasco County.</subfield><subfield code="2">fast</subfield><subfield code="0">(OCoLC)fst01210249</subfield></datafield><datafield ind1=" " ind2=" " tag="752"><subfield code="a">United States</subfield><subfield code="b">Oregon</subfield><subfield code="c">Wasco</subfield><subfield code="d">Dalles.</subfield></datafield><datafield ind1="0" ind2="5" tag="780"><subfield code="t">Dufur dispatch</subfield><subfield code="w">(DLC)sn 96088020</subfield></datafield><datafield ind1="0" ind2="0" tag="785"><subfield code="t">Dalles optimist mid-columbian</subfield><subfield code="w">(DLC)sn 96088024</subfield></datafield></record>